@article{li2020hybrid,
  title     = {Hybrid systems differential dynamic programming for whole-body motion planning of legged robots},
  author    = {Li, He and Wensing, Patrick M},
  journal   = {IEEE Robotics and Automation Letters},
  volume    = {5},
  number    = {4},
  pages     = {5448--5455},
  year      = {2020},
  publisher = {IEEE}
}

@article{diebel2006representing,
  title   = {Representing attitude: Euler angles, unit quaternions, and rotation vectors},
  author  = {Diebel, James},
  journal = {Matrix},
  volume  = {58},
  number  = {15-16},
  pages   = {1--35},
  year    = {2006}
}

@inproceedings{baraff1996linear,
  title     = {Linear-time dynamics using lagrange multipliers},
  author    = {Baraff, David},
  booktitle = {Proceedings of the 23rd annual conference on Computer graphics and interactive techniques},
  pages     = {137--146},
  year      = {1996}
}

@inproceedings{virgili2016spacecraft,
  title     = {Spacecraft robotics toolkit: an open-source simulator for spacecraft robotic arm dynamic modeling and control},
  author    = {Virgili-Llop, Josep and Drew, DV and Romano, Marcello and Hobson, GV and Wakefield, BE and Roberts, WB},
  booktitle = {6th International Conference on Astrodynamics Tools and Techniques},
  year      = {2016}
}

@article{toussaint2014novel,
  title   = {A novel augmented lagrangian approach for inequalities and convergent any-time non-central updates},
  author  = {Toussaint, Marc},
  journal = {arXiv preprint arXiv:1412.4329},
  year    = {2014}
}

@article{jitosho2020dynamics,
  title   = {A Dynamics Simulator for Soft Growing Robots},
  author  = {Jitosho, Rianna and Agharese, Nathaniel and Okamura, Allison and Manchester, Zac},
  journal = {arXiv preprint arXiv:2011.01917},
  year    = {2020}
}

@misc{AL-iLQR,
  title        = {AL-iLQR Tutorial},
  howpublished = {\url{https://bjack205.github.io/papers/AL_iLQR_Tutorial.pdf}},
  author       = {Brian E. Jackson}
}

@inproceedings{howell2019altro,
  title        = {ALTRO: A fast solver for constrained trajectory optimization},
  author       = {Howell, Taylor A and Jackson, Brian E and Manchester, Zachary},
  booktitle    = {2019 IEEE/RSJ International Conference on Intelligent Robots and Systems (IROS)},
  pages        = {7674--7679},
  year         = {2019},
  organization = {IEEE}
}

@article{brudigam2020Optimal,
  title   = {Linear-Quadratic Optimal Control in Maximal Coordinates},
  author  = {Br{\"u}digam, Jan and Manchester, Zachary},
  journal = {arXiv preprint arXiv:2010.05886},
  year    = {2020}
}

@article{brudigam2020Integrators,
  title   = {Linear-Time Variational Integrators in Maximal Coordinates},
  author  = {Br{\"u}digam, Jan and Manchester, Zachary},
  journal = {arXiv preprint arXiv:2002.11245},
  year    = {2020}
}

@inproceedings{lopez2019dynamic,
  title        = {Dynamic tube MPC for nonlinear systems},
  author       = {Lopez, Brett T and Slotine, Jean-Jacques E and How, Jonathan P},
  booktitle    = {2019 American Control Conference (ACC)},
  pages        = {1655--1662},
  year         = {2019},
  organization = {IEEE}
}

@article{zhao2018design,
  title     = {Design, modeling, and control of an aerial robot dragon: A dual-rotor-embedded multilink robot with the ability of multi-degree-of-freedom aerial transformation},
  author    = {Zhao, Moju and Anzai, Tomoki and Shi, Fan and Chen, Xiangyu and Okada, Kei and Inaba, Masayuki},
  journal   = {IEEE Robotics and Automation Letters},
  volume    = {3},
  number    = {2},
  pages     = {1176--1183},
  year      = {2018},
  publisher = {IEEE}
}

@article{bullo1995control,
  title  = {Control on the Sphere and Reduced Attitude},
  author = {Bullo, Francesco and Murray, Richard M and Sarti, Augusto},
  year   = {1995}
}

@article{jackson2021planning,
  title     = {Planning with Attitude},
  author    = {Jackson, Brian E and Tracy, Kevin and Manchester, Zachary},
  journal   = {IEEE Robotics and Automation Letters},
  year      = {2021},
  publisher = {IEEE}
}

@article{jiang2020controllability,
  title     = {Controllability and Observability of Linear Quaternion-valued Systems},
  author    = {Jiang, Bang Xin and Liu, Yang and Kou, Kit Ian and Wang, Zhen},
  journal   = {Acta Mathematica Sinica, English Series},
  volume    = {36},
  number    = {11},
  pages     = {1299--1314},
  year      = {2020},
  publisher = {Springer}
}